<?xml version="1.0" encoding="UTF-8"?><collection xmlns="http://www.loc.gov/MARC21/slim"><record><leader>00481nam--2200181-i-4500</leader><controlfield tag="001">000046997</controlfield><controlfield tag="002">20161230</controlfield><controlfield tag="005">20161230201046</controlfield><controlfield tag="008">060222s1000------------r-----000-0-eng-d</controlfield><datafield ind1=" " ind2=" " tag="040"><subfield code="a">IFIN-HH</subfield></datafield><datafield ind1=" " ind2=" " tag="080"><subfield code="a">538.12+537.212</subfield></datafield><datafield ind1="1" ind2=" " tag="100"><subfield code="a">Mason, Max</subfield></datafield><datafield ind1="1" ind2="0" tag="245"><subfield code="a">The electromagnetic field</subfield><subfield code="c">Max mason; warren weaver</subfield></datafield><datafield ind1=" " ind2=" " tag="260"><subfield code="a">New York</subfield><subfield code="b">Dover Publications, Inc</subfield><subfield code="c">1929</subfield></datafield><datafield ind1=" " ind2=" " tag="300"><subfield code="a">XIII+390P</subfield></datafield><datafield ind1="1" ind2=" " tag="700"><subfield code="a">Weaver, Warren</subfield></datafield><datafield ind1=" " ind2=" " tag="852"><subfield code="a">12925</subfield><subfield code="c">537:538</subfield></datafield><datafield ind1=" " ind2=" " tag="CAT"><subfield code="a">Sys</subfield><subfield code="c">20110609</subfield><subfield code="h">090029</subfield></datafield></record></collection>